@article{Karras2019AnalyzingAI,
  title={Analyzing and Improving the Image Quality of StyleGAN},
  author={Tero Karras and Samuli Laine and Miika Aittala and Janne Hellsten and Jaakko Lehtinen and Timo Aila},
  journal={ArXiv},
  year={2019},
  volume={abs/1912.04958}
}
@inproceedings{Heusel2017GANsTB,
  title={GANs Trained by a Two Time-Scale Update Rule Converge to a Local Nash Equilibrium},
  author={Martin Heusel and Hubert Ramsauer and Thomas Unterthiner and Bernhard Nessler and Sepp Hochreiter},
  booktitle={Advances in Neural Information Processing Systems (NeurIPS)},
  year={2017}
}
